<record xmlns="http://www.loc.gov/MARC21/slim" xmlns:xsi="http://www.w3.org/2001/XMLSchema-instance" xsi:schemaLocation="http://www.loc.gov/MARC21/slim http://www.loc.gov/standards/marcxml/schema/MARC21slim.xsd"><leader>     nam a22        4500</leader><controlfield tag="001">2019492</controlfield><controlfield tag="003">NNC</controlfield><controlfield tag="006">m        d        </controlfield><controlfield tag="007">cr cn |||m|||a</controlfield><controlfield tag="008">150601s1971    iq      ob    000 0 ara  </controlfield><datafield ind1=" " ind2=" " tag="040"><subfield code="a">NNU</subfield><subfield code="b">eng</subfield><subfield code="e">rda</subfield><subfield code="c">NNU</subfield></datafield><datafield ind1="0" ind2="4" tag="050"><subfield code="a">BP193.25</subfield><subfield code="b">.I23</subfield></datafield><datafield ind1="1" ind2=" " tag="100"><subfield code="6">880-01</subfield><subfield code="a">Ibn Ba&#772;bawayh al-Qummi&#772;, Muh&#803;ammad ibn &#699;Ali&#772;,</subfield><subfield code="d">918 or 919-991 or 992.</subfield></datafield><datafield ind1="1" ind2="3" tag="245"><subfield code="6">880-02</subfield><subfield code="a">al-Khis&#803;a&#772;l /</subfield><subfield code="c">lil-S&#803;adu&#772;q Abi&#772; Ja&#699;far Muh&#803;ammad ibn &#699;Ali&#772; ibn al-H&#803;usayn ibn Ba&#772;bawayh al-Qummi&#772; ; qaddama lahu Muh&#803;ammad Mahdi&#772; al-Sayyid H&#803;asan al-Kharsa&#772;n.</subfield></datafield><datafield ind1="3" ind2=" " tag="246"><subfield code="a">Qesal</subfield></datafield><datafield ind1=" " ind2=" " tag="260"><subfield code="6">880-03</subfield><subfield code="a">al-Najaf :</subfield><subfield code="b">al-Matb&#803;a&#699;ah al-H&#803;aydari&#772;yah,</subfield><subfield code="c">1971.</subfield></datafield><datafield ind1=" " ind2=" " tag="300"><subfield code="a">online resource (32, 624 pages)</subfield></datafield><datafield ind1=" " ind2=" " tag="336"><subfield code="a">text</subfield><subfield code="2">rdacontent</subfield></datafield><datafield ind1=" " ind2=" " tag="337"><subfield code="a">computer</subfield><subfield code="2">rdamedia</subfield></datafield><datafield ind1=" " ind2=" " tag="338"><subfield code="a">online resource</subfield><subfield code="2">rdacarrier</subfield></datafield><datafield ind1=" " ind2=" " tag="500"><subfield code="a">Cover title: al-Qesal, by al-Sadooq Abi Jaafar M. eben Ali ebin al-Hosain ebin Moosa ebin (Babowaaih) al-Quommi.</subfield></datafield><datafield ind1=" " ind2=" " tag="500"><subfield code="a">Part of the Arabic Collections Online (ACO) project, contributed by Columbia University Libraries.</subfield></datafield><datafield ind1=" " ind2=" " tag="504"><subfield code="a">Includes bibliographical references.</subfield></datafield><datafield ind1=" " ind2=" " tag="533"><subfield code="a">Electronic reproduction.</subfield><subfield code="b">New York, N.Y. :</subfield><subfield code="c">New York University,</subfield><subfield code="d">2015.</subfield><subfield code="5">NNU</subfield></datafield><datafield ind1=" " ind2="0" tag="650"><subfield code="a">Hadith (Shiites)</subfield></datafield><datafield ind1=" " ind2="7" tag="650"><subfield code="a">Hadith (Shiites)</subfield><subfield code="2">fast</subfield><subfield code="0">(OCoLC)fst00950138</subfield></datafield><datafield ind1="2" ind2=" " tag="710"><subfield code="a">Columbia University.</subfield><subfield code="b">Libraries.</subfield></datafield><datafield ind1="0" ind2=" " tag="730"><subfield code="a">Arabic Collections Online.</subfield></datafield><datafield ind1="0" ind2="8" tag="776"><subfield code="i">Print version:</subfield><subfield code="a">Ibn Ba&#772;bawayh al-Qummi&#772;, Muh&#803;ammad ibn &#699;Ali&#772;, 918 or 919-991 or 992.</subfield><subfield code="t">al-Khis&#803;a&#772;l</subfield><subfield code="w">(NNC)2019492</subfield><subfield code="w">(DLC)   72960505 </subfield><subfield code="w">(OCoLC)30329971</subfield></datafield><datafield ind1="4" ind2="0" tag="856"><subfield code="u">http://hdl.handle.net/2333.1/vdncjwff</subfield></datafield><datafield ind1="1" ind2=" " tag="880"><subfield code="6">100-01/r</subfield><subfield code="a">&#1575;&#1576;&#1606; &#1576;&#1575;&#1576;&#1608;&#1610;&#1607; &#1575;&#1604;&#1602;&#1605;&#1610;&#1548; &#1605;&#1581;&#1605;&#1583; &#1576;&#1606; &#1593;&#1604;&#1610;&#1548;</subfield><subfield code="d">918 or 919-991 or 992.</subfield></datafield><datafield ind1="1" ind2="2" tag="880"><subfield code="6">245-02/r</subfield><subfield code="a">&#1575;&#1604;&#1582;&#1589;&#1575;&#1604; /</subfield><subfield code="c">&#1604;&#1604;&#1589;&#1583;&#1608;&#1602; &#1571;&#1576;&#1610; &#1580;&#1593;&#1601;&#1585; &#1605;&#1581;&#1605;&#1583; &#1576;&#1606; &#1593;&#1604;&#1610; &#1576;&#1606; &#1575;&#1604;&#1581;&#1587;&#1610;&#1606; &#1576;&#1606; &#1576;&#1575;&#1576;&#1608;&#1610;&#1607; &#1575;&#1604;&#1602;&#1605;&#1610; &#1563; &#1602;&#1583;&#1605; &#1604;&#1607; &#1605;&#1581;&#1605;&#1583; &#1605;&#1607;&#1583;&#1610; &#1575;&#1604;&#1587;&#1610;&#1583; &#1581;&#1587;&#1606; &#1575;&#1604;&#1582;&#1585;&#1587;&#1575;&#1606;.</subfield></datafield><datafield ind1=" " ind2=" " tag="880"><subfield code="6">260-03/r</subfield><subfield code="a">&#1575;&#1604;&#1606;&#1580;&#1601; :</subfield><subfield code="b">&#1575;&#1604;&#1605;&#1591;&#1576;&#1593;&#1577; &#1575;&#1604;&#1581;&#1610;&#1583;&#1585;&#1610;&#1577;&#1548;</subfield><subfield code="c">1971.</subfield></datafield><datafield ind1=" " ind2=" " tag="959"><subfield code="a">NNU</subfield><subfield code="b">WEB</subfield><subfield code="c">GENI</subfield><subfield code="t">0</subfield><subfield code="m">Electronic access</subfield><subfield code="s">01</subfield></datafield><datafield ind1=" " ind2=" " tag="999"><subfield code="i">NNC_2019492</subfield><subfield code="o">(OCoLC)ocm30329971</subfield><subfield code="s">columbia_aco000547</subfield><subfield code="e">(ERROR-880)</subfield><subfield code="s">columbia_aco000547</subfield></datafield></record>